%YAML 1.1
%TAG !u! tag:unity3d.com,2011:
--- !u!29 &1
OcclusionCullingSettings:
  m_ObjectHideFlags: 0
  serializedVersion: 2
  m_OcclusionBakeSettings:
    smallestOccluder: 5
    smallestHole: 0.25
    backfaceThreshold: 100
  m_SceneGUID: 00000000000000000000000000000000
  m_OcclusionCullingData: {fileID: 0}
--- !u!104 &2
RenderSettings:
  m_ObjectHideFlags: 0
  serializedVersion: 9
  m_Fog: 0
  m_FogColor: {r: 0.5, g: 0.5, b: 0.5, a: 1}
  m_FogMode: 3
  m_FogDensity: 0.01
  m_LinearFogStart: 0
  m_LinearFogEnd: 300
  m_AmbientSkyColor: {r: 0.212, g: 0.227, b: 0.259, a: 1}
  m_AmbientEquatorColor: {r: 0.114, g: 0.125, b: 0.133, a: 1}
  m_AmbientGroundColor: {r: 0.047, g: 0.043, b: 0.035, a: 1}
  m_AmbientIntensity: 1
  m_AmbientMode: 0
  m_SubtractiveShadowColor: {r: 0.42, g: 0.478, b: 0.627, a: 1}
  m_SkyboxMaterial: {fileID: 10304, guid: 0000000000000000f000000000000000, type: 0}
  m_HaloStrength: 0.5
  m_FlareStrength: 1
  m_FlareFadeSpeed: 3
  m_HaloTexture: {fileID: 0}
  m_SpotCookie: {fileID: 10001, guid: 0000000000000000e000000000000000, type: 0}
  m_DefaultReflectionMode: 0
  m_DefaultReflectionResolution: 128
  m_ReflectionBounces: 1
  m_ReflectionIntensity: 1
  m_CustomReflection: {fileID: 0}
  m_Sun: {fileID: 0}
  m_IndirectSpecularColor: {r: 0, g: 0, b: 0, a: 1}
  m_UseRadianceAmbientProbe: 0
--- !u!157 &3
LightmapSettings:
  m_ObjectHideFlags: 0
  serializedVersion: 11
  m_GIWorkflowMode: 1
  m_GISettings:
    serializedVersion: 2
    m_BounceScale: 1
    m_IndirectOutputScale: 1
    m_AlbedoBoost: 1
    m_EnvironmentLightingMode: 0
    m_EnableBakedLightmaps: 1
    m_EnableRealtimeLightmaps: 0
  m_LightmapEditorSettings:
    serializedVersion: 12
    m_Resolution: 2
    m_BakeResolution: 40
    m_AtlasSize: 1024
    m_AO: 0
    m_AOMaxDistance: 1
    m_CompAOExponent: 1
    m_CompAOExponentDirect: 0
    m_ExtractAmbientOcclusion: 0
    m_Padding: 2
    m_LightmapParameters: {fileID: 0}
    m_LightmapsBakeMode: 1
    m_TextureCompression: 1
    m_FinalGather: 0
    m_FinalGatherFiltering: 1
    m_FinalGatherRayCount: 256
    m_ReflectionCompression: 2
    m_MixedBakeMode: 2
    m_BakeBackend: 1
    m_PVRSampling: 1
    m_PVRDirectSampleCount: 32
    m_PVRSampleCount: 512
    m_PVRBounces: 2
    m_PVREnvironmentSampleCount: 256
    m_PVREnvironmentReferencePointCount: 2048
    m_PVRFilteringMode: 1
    m_PVRDenoiserTypeDirect: 1
    m_PVRDenoiserTypeIndirect: 1
    m_PVRDenoiserTypeAO: 1
    m_PVRFilterTypeDirect: 0
    m_PVRFilterTypeIndirect: 0
    m_PVRFilterTypeAO: 0
    m_PVREnvironmentMIS: 1
    m_PVRCulling: 1
    m_PVRFilteringGaussRadiusDirect: 1
    m_PVRFilteringGaussRadiusIndirect: 5
    m_PVRFilteringGaussRadiusAO: 2
    m_PVRFilteringAtrousPositionSigmaDirect: 0.5
    m_PVRFilteringAtrousPositionSigmaIndirect: 2
    m_PVRFilteringAtrousPositionSigmaAO: 1
    m_ExportTrainingData: 0
    m_TrainingDataDestination: TrainingData
    m_LightProbeSampleCountMultiplier: 4
  m_LightingDataAsset: {fileID: 0}
  m_UseShadowmask: 1
--- !u!196 &4
NavMeshSettings:
  serializedVersion: 2
  m_ObjectHideFlags: 0
  m_BuildSettings:
    serializedVersion: 2
    agentTypeID: 0
    agentRadius: 0.5
    agentHeight: 2
    agentSlope: 45
    agentClimb: 0.4
    ledgeDropHeight: 0
    maxJumpAcrossDistance: 0
    minRegionArea: 2
    manualCellSize: 0
    cellSize: 0.16666667
    manualTileSize: 0
    tileSize: 256
    accuratePlacement: 0
    debug:
      m_Flags: 0
  m_NavMeshData: {fileID: 0}
--- !u!1 &51087731
GameObject:
  m_ObjectHideFlags: 0
  m_CorrespondingSourceObject: {fileID: 0}
  m_PrefabInstance: {fileID: 0}
  m_PrefabAsset: {fileID: 0}
  serializedVersion: 6
  m_Component:
  - component: {fileID: 51087732}
  - component: {fileID: 51087733}
  m_Layer: 0
  m_Name: MoveAround
  m_TagString: Untagged
  m_Icon: {fileID: 0}
  m_NavMeshLayer: 0
  m_StaticEditorFlags: 0
  m_IsActive: 1
--- !u!4 &51087732
Transform:
  m_ObjectHideFlags: 0
  m_CorrespondingSourceObject: {fileID: 0}
  m_PrefabInstance: {fileID: 0}
  m_PrefabAsset: {fileID: 0}
  m_GameObject: {fileID: 51087731}
  m_LocalRotation: {x: 0, y: 0, z: 0, w: 1}
  m_LocalPosition: {x: -3.7488, y: -10.734, z: -0.23944}
  m_LocalScale: {x: 1.52, y: 1.52, z: 1.52}
  m_Children:
  - {fileID: 300297969}
  m_Father: {fileID: 0}
  m_RootOrder: 8
  m_LocalEulerAnglesHint: {x: 0, y: 0, z: 0}
--- !u!95 &51087733
Animator:
  serializedVersion: 3
  m_ObjectHideFlags: 0
  m_CorrespondingSourceObject: {fileID: 0}
  m_PrefabInstance: {fileID: 0}
  m_PrefabAsset: {fileID: 0}
  m_GameObject: {fileID: 51087731}
  m_Enabled: 1
  m_Avatar: {fileID: 0}
  m_Controller: {fileID: 9100000, guid: 2b65735dfed39f44b9c6b0463f8e5d8a, type: 2}
  m_CullingMode: 0
  m_UpdateMode: 0
  m_ApplyRootMotion: 0
  m_LinearVelocityBlending: 0
  m_WarningMessage: 
  m_HasTransformHierarchy: 1
  m_AllowConstantClipSamplingOptimization: 1
  m_KeepAnimatorControllerStateOnDisable: 0
--- !u!1 &100905257
GameObject:
  m_ObjectHideFlags: 0
  m_CorrespondingSourceObject: {fileID: 0}
  m_PrefabInstance: {fileID: 0}
  m_PrefabAsset: {fileID: 0}
  serializedVersion: 6
  m_Component:
  - component: {fileID: 100905258}
  - component: {fileID: 100905261}
  - component: {fileID: 100905260}
  - component: {fileID: 100905259}
  m_Layer: 0
  m_Name: Border
  m_TagString: Untagged
  m_Icon: {fileID: 0}
  m_NavMeshLayer: 0
  m_StaticEditorFlags: 0
  m_IsActive: 1
--- !u!4 &100905258
Transform:
  m_ObjectHideFlags: 0
  m_CorrespondingSourceObject: {fileID: 0}
  m_PrefabInstance: {fileID: 0}
  m_PrefabAsset: {fileID: 0}
  m_GameObject: {fileID: 100905257}
  m_LocalRotation: {x: -0, y: 0.70710576, z: -0, w: 0.70710784}
  m_LocalPosition: {x: 7.45, y: 0.4, z: 0.177}
  m_LocalScale: {x: 16.522207, y: 1.2286726, z: 1.6774}
  m_Children: []
  m_Father: {fileID: 322929963}
  m_RootOrder: 3
  m_LocalEulerAnglesHint: {x: 0, y: 90.00001, z: 0}
--- !u!65 &100905259
BoxCollider:
  m_ObjectHideFlags: 0
  m_CorrespondingSourceObject: {fileID: 0}
  m_PrefabInstance: {fileID: 0}
  m_PrefabAsset: {fileID: 0}
  m_GameObject: {fileID: 100905257}
  m_Material: {fileID: 0}
  m_IsTrigger: 0
  m_Enabled: 1
  serializedVersion: 2
  m_Size: {x: 1, y: 1, z: 1}
  m_Center: {x: 0, y: 0, z: 0}
--- !u!23 &100905260
MeshRenderer:
  m_ObjectHideFlags: 0
  m_CorrespondingSourceObject: {fileID: 0}
  m_PrefabInstance: {fileID: 0}
  m_PrefabAsset: {fileID: 0}
  m_GameObject: {fileID: 100905257}
  m_Enabled: 1
  m_CastShadows: 1
  m_ReceiveShadows: 1
  m_DynamicOccludee: 1
  m_MotionVectors: 1
  m_LightProbeUsage: 1
  m_ReflectionProbeUsage: 1
  m_RayTracingMode: 2
  m_RenderingLayerMask: 1
  m_RendererPriority: 0
  m_Materials:
  - {fileID: 10303, guid: 0000000000000000f000000000000000, type: 0}
  m_StaticBatchInfo:
    firstSubMesh: 0
    subMeshCount: 0
  m_StaticBatchRoot: {fileID: 0}
  m_ProbeAnchor: {fileID: 0}
  m_LightProbeVolumeOverride: {fileID: 0}
  m_ScaleInLightmap: 1
  m_ReceiveGI: 1
  m_PreserveUVs: 0
  m_IgnoreNormalsForChartDetection: 0
  m_ImportantGI: 0
  m_StitchLightmapSeams: 1
  m_SelectedEditorRenderState: 3
  m_MinimumChartSize: 4
  m_AutoUVMaxDistance: 0.5
  m_AutoUVMaxAngle: 89
  m_LightmapParameters: {fileID: 0}
  m_SortingLayerID: 0
  m_SortingLayer: 0
  m_SortingOrder: 0
--- !u!33 &100905261
MeshFilter:
  m_ObjectHideFlags: 0
  m_CorrespondingSourceObject: {fileID: 0}
  m_PrefabInstance: {fileID: 0}
  m_PrefabAsset: {fileID: 0}
  m_GameObject: {fileID: 100905257}
  m_Mesh: {fileID: 10202, guid: 0000000000000000e000000000000000, type: 0}
--- !u!1 &111966813
GameObject:
  m_ObjectHideFlags: 0
  m_CorrespondingSourceObject: {fileID: 0}
  m_PrefabInstance: {fileID: 0}
  m_PrefabAsset: {fileID: 0}
  serializedVersion: 6
  m_Component:
  - component: {fileID: 111966814}
  m_Layer: 0
  m_Name: GameObject (2)
  m_TagString: Untagged
  m_Icon: {fileID: 0}
  m_NavMeshLayer: 0
  m_StaticEditorFlags: 0
  m_IsActive: 1
--- !u!4 &111966814
Transform:
  m_ObjectHideFlags: 0
  m_CorrespondingSourceObject: {fileID: 0}
  m_PrefabInstance: {fileID: 0}
  m_PrefabAsset: {fileID: 0}
  m_GameObject: {fileID: 111966813}
  m_LocalRotation: {x: 0, y: 0, z: 0, w: 1}
  m_LocalPosition: {x: -12.919922, y: -63.1, z: 9.975586}
  m_LocalScale: {x: 1, y: 1, z: 1}
  m_Children: []
  m_Father: {fileID: 0}
  m_RootOrder: 6
  m_LocalEulerAnglesHint: {x: 0, y: 0, z: 0}
--- !u!1 &300297968
GameObject:
  m_ObjectHideFlags: 0
  m_CorrespondingSourceObject: {fileID: 0}
  m_PrefabInstance: {fileID: 0}
  m_PrefabAsset: {fileID: 0}
  serializedVersion: 6
  m_Component:
  - component: {fileID: 300297969}
  m_Layer: 0
  m_Name: Content
  m_TagString: Untagged
  m_Icon: {fileID: 0}
  m_NavMeshLayer: 0
  m_StaticEditorFlags: 0
  m_IsActive: 1
--- !u!4 &300297969
Transform:
  m_ObjectHideFlags: 0
  m_CorrespondingSourceObject: {fileID: 0}
  m_PrefabInstance: {fileID: 0}
  m_PrefabAsset: {fileID: 0}
  m_GameObject: {fileID: 300297968}
  m_LocalRotation: {x: 0, y: 0, z: 0, w: 1}
  m_LocalPosition: {x: 0, y: 0, z: 0}
  m_LocalScale: {x: 1, y: 1, z: 1}
  m_Children:
  - {fileID: 322929963}
  m_Father: {fileID: 51087732}
  m_RootOrder: 0
  m_LocalEulerAnglesHint: {x: 0, y: 0, z: 0}
--- !u!1 &322929962
GameObject:
  m_ObjectHideFlags: 0
  m_CorrespondingSourceObject: {fileID: 0}
  m_PrefabInstance: {fileID: 0}
  m_PrefabAsset: {fileID: 0}
  serializedVersion: 6
  m_Component:
  - component: {fileID: 322929963}
  m_Layer: 0
  m_Name: Platform
  m_TagString: Untagged
  m_Icon: {fileID: 0}
  m_NavMeshLayer: 0
  m_StaticEditorFlags: 0
  m_IsActive: 1
--- !u!4 &322929963
Transform:
  m_ObjectHideFlags: 0
  m_CorrespondingSourceObject: {fileID: 0}
  m_PrefabInstance: {fileID: 0}
  m_PrefabAsset: {fileID: 0}
  m_GameObject: {fileID: 322929962}
  m_LocalRotation: {x: -0, y: -0, z: -0, w: 1}
  m_LocalPosition: {x: 0, y: 0, z: 0}
  m_LocalScale: {x: 1, y: 1, z: 1}
  m_Children:
  - {fileID: 1344928654}
  - {fileID: 499584273}
  - {fileID: 1667678146}
  - {fileID: 100905258}
  - {fileID: 1831497203}
  - {fileID: 1246594334}
  m_Father: {fileID: 300297969}
  m_RootOrder: 0
  m_LocalEulerAnglesHint: {x: 0, y: 0, z: 0}
--- !u!1 &499584272
GameObject:
  m_ObjectHideFlags: 0
  m_CorrespondingSourceObject: {fileID: 0}
  m_PrefabInstance: {fileID: 0}
  m_PrefabAsset: {fileID: 0}
  serializedVersion: 6
  m_Component:
  - component: {fileID: 499584273}
  - component: {fileID: 499584276}
  - component: {fileID: 499584275}
  - component: {fileID: 499584274}
  m_Layer: 0
  m_Name: Border
  m_TagString: Untagged
  m_Icon: {fileID: 0}
  m_NavMeshLayer: 0
  m_StaticEditorFlags: 0
  m_IsActive: 1
--- !u!4 &499584273
Transform:
  m_ObjectHideFlags: 0
  m_CorrespondingSourceObject: {fileID: 0}
  m_PrefabInstance: {fileID: 0}
  m_PrefabAsset: {fileID: 0}
  m_GameObject: {fileID: 499584272}
  m_LocalRotation: {x: 0, y: 0, z: 0, w: 1}
  m_LocalPosition: {x: 0, y: 0.4000001, z: 7.6}
  m_LocalScale: {x: 16.468012, y: 1.2286726, z: 1.6774}
  m_Children: []
  m_Father: {fileID: 322929963}
  m_RootOrder: 1
  m_LocalEulerAnglesHint: {x: 0, y: 0, z: 0}
--- !u!65 &499584274
BoxCollider:
  m_ObjectHideFlags: 0
  m_CorrespondingSourceObject: {fileID: 0}
  m_PrefabInstance: {fileID: 0}
  m_PrefabAsset: {fileID: 0}
  m_GameObject: {fileID: 499584272}
  m_Material: {fileID: 0}
  m_IsTrigger: 0
  m_Enabled: 1
  serializedVersion: 2
  m_Size: {x: 1, y: 1, z: 1}
  m_Center: {x: 0, y: 0, z: 0}
--- !u!23 &499584275
MeshRenderer:
  m_ObjectHideFlags: 0
  m_CorrespondingSourceObject: {fileID: 0}
  m_PrefabInstance: {fileID: 0}
  m_PrefabAsset: {fileID: 0}
  m_GameObject: {fileID: 499584272}
  m_Enabled: 1
  m_CastShadows: 1
  m_ReceiveShadows: 1
  m_DynamicOccludee: 1
  m_MotionVectors: 1
  m_LightProbeUsage: 1
  m_ReflectionProbeUsage: 1
  m_RayTracingMode: 2
  m_RenderingLayerMask: 1
  m_RendererPriority: 0
  m_Materials:
  - {fileID: 10303, guid: 0000000000000000f000000000000000, type: 0}
  m_StaticBatchInfo:
    firstSubMesh: 0
    subMeshCount: 0
  m_StaticBatchRoot: {fileID: 0}
  m_ProbeAnchor: {fileID: 0}
  m_LightProbeVolumeOverride: {fileID: 0}
  m_ScaleInLightmap: 1
  m_ReceiveGI: 1
  m_PreserveUVs: 0
  m_IgnoreNormalsForChartDetection: 0
  m_ImportantGI: 0
  m_StitchLightmapSeams: 1
  m_SelectedEditorRenderState: 3
  m_MinimumChartSize: 4
  m_AutoUVMaxDistance: 0.5
  m_AutoUVMaxAngle: 89
  m_LightmapParameters: {fileID: 0}
  m_SortingLayerID: 0
  m_SortingLayer: 0
  m_SortingOrder: 0
--- !u!33 &499584276
MeshFilter:
  m_ObjectHideFlags: 0
  m_CorrespondingSourceObject: {fileID: 0}
  m_PrefabInstance: {fileID: 0}
  m_PrefabAsset: {fileID: 0}
  m_GameObject: {fileID: 499584272}
  m_Mesh: {fileID: 10202, guid: 0000000000000000e000000000000000, type: 0}
--- !u!1 &729795580
GameObject:
  m_ObjectHideFlags: 0
  m_CorrespondingSourceObject: {fileID: 0}
  m_PrefabInstance: {fileID: 0}
  m_PrefabAsset: {fileID: 0}
  serializedVersion: 6
  m_Component:
  - component: {fileID: 729795584}
  - component: {fileID: 729795583}
  - component: {fileID: 729795582}
  - component: {fileID: 729795581}
  m_Layer: 0
  m_Name: Cube
  m_TagString: Untagged
  m_Icon: {fileID: 0}
  m_NavMeshLayer: 0
  m_StaticEditorFlags: 0
  m_IsActive: 1
--- !u!65 &729795581
BoxCollider:
  m_ObjectHideFlags: 0
  m_CorrespondingSourceObject: {fileID: 0}
  m_PrefabInstance: {fileID: 0}
  m_PrefabAsset: {fileID: 0}
  m_GameObject: {fileID: 729795580}
  m_Material: {fileID: 0}
  m_IsTrigger: 0
  m_Enabled: 1
  serializedVersion: 2
  m_Size: {x: 1, y: 1, z: 1}
  m_Center: {x: 0, y: 0, z: 0}
--- !u!23 &729795582
MeshRenderer:
  m_ObjectHideFlags: 0
  m_CorrespondingSourceObject: {fileID: 0}
  m_PrefabInstance: {fileID: 0}
  m_PrefabAsset: {fileID: 0}
  m_GameObject: {fileID: 729795580}
  m_Enabled: 1
  m_CastShadows: 1
  m_ReceiveShadows: 1
  m_DynamicOccludee: 1
  m_MotionVectors: 1
  m_LightProbeUsage: 1
  m_ReflectionProbeUsage: 1
  m_RayTracingMode: 2
  m_RenderingLayerMask: 1
  m_RendererPriority: 0
  m_Materials:
  - {fileID: 10303, guid: 0000000000000000f000000000000000, type: 0}
  m_StaticBatchInfo:
    firstSubMesh: 0
    subMeshCount: 0
  m_StaticBatchRoot: {fileID: 0}
  m_ProbeAnchor: {fileID: 0}
  m_LightProbeVolumeOverride: {fileID: 0}
  m_ScaleInLightmap: 1
  m_ReceiveGI: 1
  m_PreserveUVs: 0
  m_IgnoreNormalsForChartDetection: 0
  m_ImportantGI: 0
  m_StitchLightmapSeams: 1
  m_SelectedEditorRenderState: 3
  m_MinimumChartSize: 4
  m_AutoUVMaxDistance: 0.5
  m_AutoUVMaxAngle: 89
  m_LightmapParameters: {fileID: 0}
  m_SortingLayerID: 0
  m_SortingLayer: 0
  m_SortingOrder: 0
--- !u!33 &729795583
MeshFilter:
  m_ObjectHideFlags: 0
  m_CorrespondingSourceObject: {fileID: 0}
  m_PrefabInstance: {fileID: 0}
  m_PrefabAsset: {fileID: 0}
  m_GameObject: {fileID: 729795580}
  m_Mesh: {fileID: 10202, guid: 0000000000000000e000000000000000, type: 0}
--- !u!4 &729795584
Transform:
  m_ObjectHideFlags: 0
  m_CorrespondingSourceObject: {fileID: 0}
  m_PrefabInstance: {fileID: 0}
  m_PrefabAsset: {fileID: 0}
  m_GameObject: {fileID: 729795580}
  m_LocalRotation: {x: 0.1481964, y: -0.012393792, z: 0.082413204, w: 0.98544014}
  m_LocalPosition: {x: 0.92, y: -1.12, z: -0.91}
  m_LocalScale: {x: 4.2632, y: 0.20976, z: 7.5818033}
  m_Children: []
  m_Father: {fileID: 0}
  m_RootOrder: 2
  m_LocalEulerAnglesHint: {x: 17.105001, y: 0, z: 9.561001}
--- !u!1 &839518788
GameObject:
  m_ObjectHideFlags: 0
  m_CorrespondingSourceObject: {fileID: 0}
  m_PrefabInstance: {fileID: 0}
  m_PrefabAsset: {fileID: 0}
  serializedVersion: 6
  m_Component:
  - component: {fileID: 839518789}
  m_Layer: 0
  m_Name: Platform (2)
  m_TagString: Untagged
  m_Icon: {fileID: 0}
  m_NavMeshLayer: 0
  m_StaticEditorFlags: 0
  m_IsActive: 1
--- !u!4 &839518789
Transform:
  m_ObjectHideFlags: 0
  m_CorrespondingSourceObject: {fileID: 0}
  m_PrefabInstance: {fileID: 0}
  m_PrefabAsset: {fileID: 0}
  m_GameObject: {fileID: 839518788}
  m_LocalRotation: {x: 0, y: 0, z: 0, w: 1}
  m_LocalPosition: {x: -12.919922, y: -63.1, z: 9.975586}
  m_LocalScale: {x: 1, y: 1, z: 1}
  m_Children: []
  m_Father: {fileID: 0}
  m_RootOrder: 7
  m_LocalEulerAnglesHint: {x: 0, y: 0, z: 0}
--- !u!1 &848133372
GameObject:
  m_ObjectHideFlags: 0
  m_CorrespondingSourceObject: {fileID: 0}
  m_PrefabInstance: {fileID: 0}
  m_PrefabAsset: {fileID: 0}
  serializedVersion: 6
  m_Component:
  - component: {fileID: 848133374}
  - component: {fileID: 848133373}
  m_Layer: 0
  m_Name: Directional Light
  m_TagString: Untagged
  m_Icon: {fileID: 0}
  m_NavMeshLayer: 0
  m_StaticEditorFlags: 0
  m_IsActive: 1
--- !u!108 &848133373
Light:
  m_ObjectHideFlags: 0
  m_CorrespondingSourceObject: {fileID: 0}
  m_PrefabInstance: {fileID: 0}
  m_PrefabAsset: {fileID: 0}
  m_GameObject: {fileID: 848133372}
  m_Enabled: 1
  serializedVersion: 10
  m_Type: 1
  m_Shape: 0
  m_Color: {r: 1, g: 0.95686275, b: 0.8392157, a: 1}
  m_Intensity: 1
  m_Range: 10
  m_SpotAngle: 30
  m_InnerSpotAngle: 21.80208
  m_CookieSize: 10
  m_Shadows:
    m_Type: 2
    m_Resolution: -1
    m_CustomResolution: -1
    m_Strength: 1
    m_Bias: 0.05
    m_NormalBias: 0.4
    m_NearPlane: 0.2
    m_CullingMatrixOverride:
      e00: 1
      e01: 0
      e02: 0
      e03: 0
      e10: 0
      e11: 1
      e12: 0
      e13: 0
      e20: 0
      e21: 0
      e22: 1
      e23: 0
      e30: 0
      e31: 0
      e32: 0
      e33: 1
    m_UseCullingMatrixOverride: 0
  m_Cookie: {fileID: 0}
  m_DrawHalo: 0
  m_Flare: {fileID: 0}
  m_RenderMode: 0
  m_CullingMask:
    serializedVersion: 2
    m_Bits: 4294967295
  m_RenderingLayerMask: 1
  m_Lightmapping: 4
  m_LightShadowCasterMode: 0
  m_AreaSize: {x: 1, y: 1}
  m_BounceIntensity: 1
  m_ColorTemperature: 6570
  m_UseColorTemperature: 0
  m_BoundingSphereOverride: {x: 0, y: 0, z: 0, w: 0}
  m_UseBoundingSphereOverride: 0
  m_ShadowRadius: 0
  m_ShadowAngle: 0
--- !u!4 &848133374
Transform:
  m_ObjectHideFlags: 0
  m_CorrespondingSourceObject: {fileID: 0}
  m_PrefabInstance: {fileID: 0}
  m_PrefabAsset: {fileID: 0}
  m_GameObject: {fileID: 848133372}
  m_LocalRotation: {x: 0.7071068, y: 0, z: 0, w: 0.7071068}
  m_LocalPosition: {x: 0, y: 3, z: 0}
  m_LocalScale: {x: 1, y: 1, z: 1}
  m_Children: []
  m_Father: {fileID: 0}
  m_RootOrder: 0
  m_LocalEulerAnglesHint: {x: 90, y: 0, z: 0}
--- !u!1001 &864895570
PrefabInstance:
  m_ObjectHideFlags: 0
  serializedVersion: 2
  m_Modification:
    m_TransformParent: {fileID: 0}
    m_Modifications:
    - target: {fileID: 100004, guid: 126d619cf4daa52469682f85c1378b4a, type: 3}
      propertyPath: m_Name
      value: OVRCameraRig
      objectReference: {fileID: 0}
    - target: {fileID: 400004, guid: 126d619cf4daa52469682f85c1378b4a, type: 3}
      propertyPath: m_LocalPosition.x
      value: 0
      objectReference: {fileID: 0}
    - target: {fileID: 400004, guid: 126d619cf4daa52469682f85c1378b4a, type: 3}
      propertyPath: m_LocalPosition.y
      value: 0
      objectReference: {fileID: 0}
    - target: {fileID: 400004, guid: 126d619cf4daa52469682f85c1378b4a, type: 3}
      propertyPath: m_LocalPosition.z
      value: 0
      objectReference: {fileID: 0}
    - target: {fileID: 400004, guid: 126d619cf4daa52469682f85c1378b4a, type: 3}
      propertyPath: m_LocalRotation.x
      value: 0
      objectReference: {fileID: 0}
    - target: {fileID: 400004, guid: 126d619cf4daa52469682f85c1378b4a, type: 3}
      propertyPath: m_LocalRotation.y
      value: 0
      objectReference: {fileID: 0}
    - target: {fileID: 400004, guid: 126d619cf4daa52469682f85c1378b4a, type: 3}
      propertyPath: m_LocalRotation.z
      value: 0
      objectReference: {fileID: 0}
    - target: {fileID: 400004, guid: 126d619cf4daa52469682f85c1378b4a, type: 3}
      propertyPath: m_LocalRotation.w
      value: 1
      objectReference: {fileID: 0}
    - target: {fileID: 400004, guid: 126d619cf4daa52469682f85c1378b4a, type: 3}
      propertyPath: m_RootOrder
      value: 14
      objectReference: {fileID: 0}
    - target: {fileID: 400004, guid: 126d619cf4daa52469682f85c1378b4a, type: 3}
      propertyPath: m_LocalEulerAnglesHint.x
      value: 0
      objectReference: {fileID: 0}
    - target: {fileID: 400004, guid: 126d619cf4daa52469682f85c1378b4a, type: 3}
      propertyPath: m_LocalEulerAnglesHint.y
      value: 0
      objectReference: {fileID: 0}
    - target: {fileID: 400004, guid: 126d619cf4daa52469682f85c1378b4a, type: 3}
      propertyPath: m_LocalEulerAnglesHint.z
      value: 0
      objectReference: {fileID: 0}
    m_RemovedComponents: []
  m_SourcePrefab: {fileID: 100100000, guid: 126d619cf4daa52469682f85c1378b4a, type: 3}
--- !u!4 &864895571 stripped
Transform:
  m_CorrespondingSourceObject: {fileID: 400002, guid: 126d619cf4daa52469682f85c1378b4a,
    type: 3}
  m_PrefabInstance: {fileID: 864895570}
  m_PrefabAsset: {fileID: 0}
--- !u!1 &1246594333
GameObject:
  m_ObjectHideFlags: 0
  m_CorrespondingSourceObject: {fileID: 0}
  m_PrefabInstance: {fileID: 0}
  m_PrefabAsset: {fileID: 0}
  serializedVersion: 6
  m_Component:
  - component: {fileID: 1246594334}
  - component: {fileID: 1246594337}
  - component: {fileID: 1246594336}
  - component: {fileID: 1246594335}
  m_Layer: 10
  m_Name: Ground
  m_TagString: Untagged
  m_Icon: {fileID: 0}
  m_NavMeshLayer: 0
  m_StaticEditorFlags: 0
  m_IsActive: 1
--- !u!4 &1246594334
Transform:
  m_ObjectHideFlags: 0
  m_CorrespondingSourceObject: {fileID: 0}
  m_PrefabInstance: {fileID: 0}
  m_PrefabAsset: {fileID: 0}
  m_GameObject: {fileID: 1246594333}
  m_LocalRotation: {x: 0, y: 0, z: 0, w: 1}
  m_LocalPosition: {x: 0, y: 0, z: 0}
  m_LocalScale: {x: 15.363597, y: 0.3942514, z: 14.658361}
  m_Children: []
  m_Father: {fileID: 322929963}
  m_RootOrder: 5
  m_LocalEulerAnglesHint: {x: 0, y: 0, z: 0}
--- !u!65 &1246594335
BoxCollider:
  m_ObjectHideFlags: 0
  m_CorrespondingSourceObject: {fileID: 0}
  m_PrefabInstance: {fileID: 0}
  m_PrefabAsset: {fileID: 0}
  m_GameObject: {fileID: 1246594333}
  m_Material: {fileID: 0}
  m_IsTrigger: 0
  m_Enabled: 1
  serializedVersion: 2
  m_Size: {x: 1, y: 1, z: 1}
  m_Center: {x: 0, y: 0, z: 0}
--- !u!23 &1246594336
MeshRenderer:
  m_ObjectHideFlags: 0
  m_CorrespondingSourceObject: {fileID: 0}
  m_PrefabInstance: {fileID: 0}
  m_PrefabAsset: {fileID: 0}
  m_GameObject: {fileID: 1246594333}
  m_Enabled: 1
  m_CastShadows: 1
  m_ReceiveShadows: 1
  m_DynamicOccludee: 1
  m_MotionVectors: 1
  m_LightProbeUsage: 1
  m_ReflectionProbeUsage: 1
  m_RayTracingMode: 2
  m_RenderingLayerMask: 1
  m_RendererPriority: 0
  m_Materials:
  - {fileID: 10303, guid: 0000000000000000f000000000000000, type: 0}
  m_StaticBatchInfo:
    firstSubMesh: 0
    subMeshCount: 0
  m_StaticBatchRoot: {fileID: 0}
  m_ProbeAnchor: {fileID: 0}
  m_LightProbeVolumeOverride: {fileID: 0}
  m_ScaleInLightmap: 1
  m_ReceiveGI: 1
  m_PreserveUVs: 0
  m_IgnoreNormalsForChartDetection: 0
  m_ImportantGI: 0
  m_StitchLightmapSeams: 1
  m_SelectedEditorRenderState: 3
  m_MinimumChartSize: 4
  m_AutoUVMaxDistance: 0.5
  m_AutoUVMaxAngle: 89
  m_LightmapParameters: {fileID: 0}
  m_SortingLayerID: 0
  m_SortingLayer: 0
  m_SortingOrder: 0
--- !u!33 &1246594337
MeshFilter:
  m_ObjectHideFlags: 0
  m_CorrespondingSourceObject: {fileID: 0}
  m_PrefabInstance: {fileID: 0}
  m_PrefabAsset: {fileID: 0}
  m_GameObject: {fileID: 1246594333}
  m_Mesh: {fileID: 10202, guid: 0000000000000000e000000000000000, type: 0}
--- !u!1 &1344928653
GameObject:
  m_ObjectHideFlags: 0
  m_CorrespondingSourceObject: {fileID: 0}
  m_PrefabInstance: {fileID: 0}
  m_PrefabAsset: {fileID: 0}
  serializedVersion: 6
  m_Component:
  - component: {fileID: 1344928654}
  - component: {fileID: 1344928657}
  - component: {fileID: 1344928656}
  - component: {fileID: 1344928655}
  m_Layer: 0
  m_Name: Cube
  m_TagString: Untagged
  m_Icon: {fileID: 0}
  m_NavMeshLayer: 0
  m_StaticEditorFlags: 0
  m_IsActive: 1
--- !u!4 &1344928654
Transform:
  m_ObjectHideFlags: 0
  m_CorrespondingSourceObject: {fileID: 0}
  m_PrefabInstance: {fileID: 0}
  m_PrefabAsset: {fileID: 0}
  m_GameObject: {fileID: 1344928653}
  m_LocalRotation: {x: 0, y: 0, z: 0, w: 1}
  m_LocalPosition: {x: 0, y: 0, z: 0}
  m_LocalScale: {x: 1, y: 1, z: 1}
  m_Children: []
  m_Father: {fileID: 322929963}
  m_RootOrder: 0
  m_LocalEulerAnglesHint: {x: 0, y: 0, z: 0}
--- !u!65 &1344928655
BoxCollider:
  m_ObjectHideFlags: 0
  m_CorrespondingSourceObject: {fileID: 0}
  m_PrefabInstance: {fileID: 0}
  m_PrefabAsset: {fileID: 0}
  m_GameObject: {fileID: 1344928653}
  m_Material: {fileID: 0}
  m_IsTrigger: 0
  m_Enabled: 1
  serializedVersion: 2
  m_Size: {x: 1, y: 1, z: 1}
  m_Center: {x: 0, y: 0, z: 0}
--- !u!23 &1344928656
MeshRenderer:
  m_ObjectHideFlags: 0
  m_CorrespondingSourceObject: {fileID: 0}
  m_PrefabInstance: {fileID: 0}
  m_PrefabAsset: {fileID: 0}
  m_GameObject: {fileID: 1344928653}
  m_Enabled: 1
  m_CastShadows: 1
  m_ReceiveShadows: 1
  m_DynamicOccludee: 1
  m_MotionVectors: 1
  m_LightProbeUsage: 1
  m_ReflectionProbeUsage: 1
  m_RayTracingMode: 2
  m_RenderingLayerMask: 1
  m_RendererPriority: 0
  m_Materials:
  - {fileID: 10303, guid: 0000000000000000f000000000000000, type: 0}
  m_StaticBatchInfo:
    firstSubMesh: 0
    subMeshCount: 0
  m_StaticBatchRoot: {fileID: 0}
  m_ProbeAnchor: {fileID: 0}
  m_LightProbeVolumeOverride: {fileID: 0}
  m_ScaleInLightmap: 1
  m_ReceiveGI: 1
  m_PreserveUVs: 0
  m_IgnoreNormalsForChartDetection: 0
  m_ImportantGI: 0
  m_StitchLightmapSeams: 1
  m_SelectedEditorRenderState: 3
  m_MinimumChartSize: 4
  m_AutoUVMaxDistance: 0.5
  m_AutoUVMaxAngle: 89
  m_LightmapParameters: {fileID: 0}
  m_SortingLayerID: 0
  m_SortingLayer: 0
  m_SortingOrder: 0
--- !u!33 &1344928657
MeshFilter:
  m_ObjectHideFlags: 0
  m_CorrespondingSourceObject: {fileID: 0}
  m_PrefabInstance: {fileID: 0}
  m_PrefabAsset: {fileID: 0}
  m_GameObject: {fileID: 1344928653}
  m_Mesh: {fileID: 10202, guid: 0000000000000000e000000000000000, type: 0}
--- !u!1 &1421103282
GameObject:
  m_ObjectHideFlags: 0
  m_CorrespondingSourceObject: {fileID: 0}
  m_PrefabInstance: {fileID: 0}
  m_PrefabAsset: {fileID: 0}
  serializedVersion: 6
  m_Component:
  - component: {fileID: 1421103285}
  - component: {fileID: 1421103284}
  - component: {fileID: 1421103283}
  m_Layer: 0
  m_Name: Main Camera (1)
  m_TagString: MainCamera
  m_Icon: {fileID: 0}
  m_NavMeshLayer: 0
  m_StaticEditorFlags: 0
  m_IsActive: 0
--- !u!81 &1421103283
AudioListener:
  m_ObjectHideFlags: 0
  m_CorrespondingSourceObject: {fileID: 0}
  m_PrefabInstance: {fileID: 0}
  m_PrefabAsset: {fileID: 0}
  m_GameObject: {fileID: 1421103282}
  m_Enabled: 1
--- !u!20 &1421103284
Camera:
  m_ObjectHideFlags: 0
  m_CorrespondingSourceObject: {fileID: 0}
  m_PrefabInstance: {fileID: 0}
  m_PrefabAsset: {fileID: 0}
  m_GameObject: {fileID: 1421103282}
  m_Enabled: 1
  serializedVersion: 2
  m_ClearFlags: 1
  m_BackGroundColor: {r: 0.19215687, g: 0.3019608, b: 0.4745098, a: 0}
  m_projectionMatrixMode: 1
  m_GateFitMode: 2
  m_FOVAxisMode: 0
  m_SensorSize: {x: 36, y: 24}
  m_LensShift: {x: 0, y: 0}
  m_FocalLength: 50
  m_NormalizedViewPortRect:
    serializedVersion: 2
    x: 0.5
    y: 0
    width: 0.5
    height: 1
  near clip plane: 0.3
  far clip plane: 1000
  field of view: 60
  orthographic: 0
  orthographic size: 5
  m_Depth: -1
  m_CullingMask:
    serializedVersion: 2
    m_Bits: 4294967295
  m_RenderingPath: -1
  m_TargetTexture: {fileID: 0}
  m_TargetDisplay: 0
  m_TargetEye: 3
  m_HDR: 1
  m_AllowMSAA: 1
  m_AllowDynamicResolution: 0
  m_ForceIntoRT: 0
  m_OcclusionCulling: 1
  m_StereoConvergence: 10
  m_StereoSeparation: 0.022
--- !u!4 &1421103285
Transform:
  m_ObjectHideFlags: 0
  m_CorrespondingSourceObject: {fileID: 0}
  m_PrefabInstance: {fileID: 0}
  m_PrefabAsset: {fileID: 0}
  m_GameObject: {fileID: 1421103282}
  m_LocalRotation: {x: 0.38771498, y: 0.4062416, z: -0.19592695, w: 0.80390143}
  m_LocalPosition: {x: -11.37, y: -1.78, z: -4.09}
  m_LocalScale: {x: 1, y: 1, z: 1}
  m_Children: []
  m_Father: {fileID: 0}
  m_RootOrder: 10
  m_LocalEulerAnglesHint: {x: 51.495003, y: 53.618004, z: 0}
--- !u!1 &1553467143
GameObject:
  m_ObjectHideFlags: 0
  m_CorrespondingSourceObject: {fileID: 0}
  m_PrefabInstance: {fileID: 0}
  m_PrefabAsset: {fileID: 0}
  serializedVersion: 6
  m_Component:
  - component: {fileID: 1553467144}
  m_Layer: 0
  m_Name: GameObject (1)
  m_TagString: Untagged
  m_Icon: {fileID: 0}
  m_NavMeshLayer: 0
  m_StaticEditorFlags: 0
  m_IsActive: 1
--- !u!4 &1553467144
Transform:
  m_ObjectHideFlags: 0
  m_CorrespondingSourceObject: {fileID: 0}
  m_PrefabInstance: {fileID: 0}
  m_PrefabAsset: {fileID: 0}
  m_GameObject: {fileID: 1553467143}
  m_LocalRotation: {x: 0, y: 0, z: 0, w: 1}
  m_LocalPosition: {x: -12.919922, y: -47.3, z: 9.975586}
  m_LocalScale: {x: 1, y: 1, z: 1}
  m_Children: []
  m_Father: {fileID: 0}
  m_RootOrder: 5
  m_LocalEulerAnglesHint: {x: 0, y: 0, z: 0}
--- !u!1 &1667678145
GameObject:
  m_ObjectHideFlags: 0
  m_CorrespondingSourceObject: {fileID: 0}
  m_PrefabInstance: {fileID: 0}
  m_PrefabAsset: {fileID: 0}
  serializedVersion: 6
  m_Component:
  - component: {fileID: 1667678146}
  - component: {fileID: 1667678149}
  - component: {fileID: 1667678148}
  - component: {fileID: 1667678147}
  m_Layer: 0
  m_Name: Border
  m_TagString: Untagged
  m_Icon: {fileID: 0}
  m_NavMeshLayer: 0
  m_StaticEditorFlags: 0
  m_IsActive: 1
--- !u!4 &1667678146
Transform:
  m_ObjectHideFlags: 0
  m_CorrespondingSourceObject: {fileID: 0}
  m_PrefabInstance: {fileID: 0}
  m_PrefabAsset: {fileID: 0}
  m_GameObject: {fileID: 1667678145}
  m_LocalRotation: {x: 0, y: 0, z: 0, w: 1}
  m_LocalPosition: {x: 0, y: 0.4000001, z: -7.3}
  m_LocalScale: {x: 16.468012, y: 1.2286726, z: 1.6774}
  m_Children: []
  m_Father: {fileID: 322929963}
  m_RootOrder: 2
  m_LocalEulerAnglesHint: {x: 0, y: 0, z: 0}
--- !u!65 &1667678147
BoxCollider:
  m_ObjectHideFlags: 0
  m_CorrespondingSourceObject: {fileID: 0}
  m_PrefabInstance: {fileID: 0}
  m_PrefabAsset: {fileID: 0}
  m_GameObject: {fileID: 1667678145}
  m_Material: {fileID: 0}
  m_IsTrigger: 0
  m_Enabled: 1
  serializedVersion: 2
  m_Size: {x: 1, y: 1, z: 1}
  m_Center: {x: 0, y: 0, z: 0}
--- !u!23 &1667678148
MeshRenderer:
  m_ObjectHideFlags: 0
  m_CorrespondingSourceObject: {fileID: 0}
  m_PrefabInstance: {fileID: 0}
  m_PrefabAsset: {fileID: 0}
  m_GameObject: {fileID: 1667678145}
  m_Enabled: 1
  m_CastShadows: 1
  m_ReceiveShadows: 1
  m_DynamicOccludee: 1
  m_MotionVectors: 1
  m_LightProbeUsage: 1
  m_ReflectionProbeUsage: 1
  m_RayTracingMode: 2
  m_RenderingLayerMask: 1
  m_RendererPriority: 0
  m_Materials:
  - {fileID: 10303, guid: 0000000000000000f000000000000000, type: 0}
  m_StaticBatchInfo:
    firstSubMesh: 0
    subMeshCount: 0
  m_StaticBatchRoot: {fileID: 0}
  m_ProbeAnchor: {fileID: 0}
  m_LightProbeVolumeOverride: {fileID: 0}
  m_ScaleInLightmap: 1
  m_ReceiveGI: 1
  m_PreserveUVs: 0
  m_IgnoreNormalsForChartDetection: 0
  m_ImportantGI: 0
  m_StitchLightmapSeams: 1
  m_SelectedEditorRenderState: 3
  m_MinimumChartSize: 4
  m_AutoUVMaxDistance: 0.5
  m_AutoUVMaxAngle: 89
  m_LightmapParameters: {fileID: 0}
  m_SortingLayerID: 0
  m_SortingLayer: 0
  m_SortingOrder: 0
--- !u!33 &1667678149
MeshFilter:
  m_ObjectHideFlags: 0
  m_CorrespondingSourceObject: {fileID: 0}
  m_PrefabInstance: {fileID: 0}
  m_PrefabAsset: {fileID: 0}
  m_GameObject: {fileID: 1667678145}
  m_Mesh: {fileID: 10202, guid: 0000000000000000e000000000000000, type: 0}
--- !u!1 &1731216892
GameObject:
  m_ObjectHideFlags: 0
  m_CorrespondingSourceObject: {fileID: 0}
  m_PrefabInstance: {fileID: 0}
  m_PrefabAsset: {fileID: 0}
  serializedVersion: 6
  m_Component:
  - component: {fileID: 1731216893}
  m_Layer: 0
  m_Name: GameObject
  m_TagString: Untagged
  m_Icon: {fileID: 0}
  m_NavMeshLayer: 0
  m_StaticEditorFlags: 0
  m_IsActive: 1
--- !u!4 &1731216893
Transform:
  m_ObjectHideFlags: 0
  m_CorrespondingSourceObject: {fileID: 0}
  m_PrefabInstance: {fileID: 0}
  m_PrefabAsset: {fileID: 0}
  m_GameObject: {fileID: 1731216892}
  m_LocalRotation: {x: 0, y: 0, z: 0, w: 1}
  m_LocalPosition: {x: -12.919922, y: -22.355469, z: 9.975586}
  m_LocalScale: {x: 1, y: 1, z: 1}
  m_Children: []
  m_Father: {fileID: 0}
  m_RootOrder: 4
  m_LocalEulerAnglesHint: {x: 0, y: 0, z: 0}
--- !u!1 &1758798140
GameObject:
  m_ObjectHideFlags: 0
  m_CorrespondingSourceObject: {fileID: 0}
  m_PrefabInstance: {fileID: 0}
  m_PrefabAsset: {fileID: 0}
  serializedVersion: 6
  m_Component:
  - component: {fileID: 1758798141}
  m_Layer: 0
  m_Name: Center
  m_TagString: Untagged
  m_Icon: {fileID: 0}
  m_NavMeshLayer: 0
  m_StaticEditorFlags: 0
  m_IsActive: 1
--- !u!4 &1758798141
Transform:
  m_ObjectHideFlags: 0
  m_CorrespondingSourceObject: {fileID: 0}
  m_PrefabInstance: {fileID: 0}
  m_PrefabAsset: {fileID: 0}
  m_GameObject: {fileID: 1758798140}
  m_LocalRotation: {x: 0, y: 0, z: 0, w: 1}
  m_LocalPosition: {x: 0, y: 0, z: 0}
  m_LocalScale: {x: 1, y: 1, z: 1}
  m_Children: []
  m_Father: {fileID: 0}
  m_RootOrder: 3
  m_LocalEulerAnglesHint: {x: 0, y: 0, z: 0}
--- !u!1001 &1816769685
PrefabInstance:
  m_ObjectHideFlags: 0
  serializedVersion: 2
  m_Modification:
    m_TransformParent: {fileID: 864895571}
    m_Modifications:
    - target: {fileID: -4216859302048453862, guid: 34fb2605798d13849aaf2a4a018d6efb,
        type: 3}
      propertyPath: m_LocalPosition.x
      value: 0
      objectReference: {fileID: 0}
    - target: {fileID: -4216859302048453862, guid: 34fb2605798d13849aaf2a4a018d6efb,
        type: 3}
      propertyPath: m_LocalPosition.y
      value: 0
      objectReference: {fileID: 0}
    - target: {fileID: -4216859302048453862, guid: 34fb2605798d13849aaf2a4a018d6efb,
        type: 3}
      propertyPath: m_LocalPosition.z
      value: 0
      objectReference: {fileID: 0}
    - target: {fileID: -4216859302048453862, guid: 34fb2605798d13849aaf2a4a018d6efb,
        type: 3}
      propertyPath: m_LocalRotation.x
      value: 0.000000119209275
      objectReference: {fileID: 0}
    - target: {fileID: -4216859302048453862, guid: 34fb2605798d13849aaf2a4a018d6efb,
        type: 3}
      propertyPath: m_LocalRotation.y
      value: -0
      objectReference: {fileID: 0}
    - target: {fileID: -4216859302048453862, guid: 34fb2605798d13849aaf2a4a018d6efb,
        type: 3}
      propertyPath: m_LocalRotation.z
      value: -0
      objectReference: {fileID: 0}
    - target: {fileID: -4216859302048453862, guid: 34fb2605798d13849aaf2a4a018d6efb,
        type: 3}
      propertyPath: m_LocalRotation.w
      value: 1
      objectReference: {fileID: 0}
    - target: {fileID: -4216859302048453862, guid: 34fb2605798d13849aaf2a4a018d6efb,
        type: 3}
      propertyPath: m_RootOrder
      value: 0
      objectReference: {fileID: 0}
    - target: {fileID: -4216859302048453862, guid: 34fb2605798d13849aaf2a4a018d6efb,
        type: 3}
      propertyPath: m_LocalEulerAnglesHint.x
      value: 0
      objectReference: {fileID: 0}
    - target: {fileID: -4216859302048453862, guid: 34fb2605798d13849aaf2a4a018d6efb,
        type: 3}
      propertyPath: m_LocalEulerAnglesHint.y
      value: 0
      objectReference: {fileID: 0}
    - target: {fileID: -4216859302048453862, guid: 34fb2605798d13849aaf2a4a018d6efb,
        type: 3}
      propertyPath: m_LocalEulerAnglesHint.z
      value: 0
      objectReference: {fileID: 0}
    - target: {fileID: -4216859302048453862, guid: 34fb2605798d13849aaf2a4a018d6efb,
        type: 3}
      propertyPath: m_LocalScale.y
      value: 49.744804
      objectReference: {fileID: 0}
    - target: {fileID: -4216859302048453862, guid: 34fb2605798d13849aaf2a4a018d6efb,
        type: 3}
      propertyPath: m_LocalScale.z
      value: 49.744804
      objectReference: {fileID: 0}
    - target: {fileID: -4216859302048453862, guid: 34fb2605798d13849aaf2a4a018d6efb,
        type: 3}
      propertyPath: m_LocalScale.x
      value: 49.7448
      objectReference: {fileID: 0}
    - target: {fileID: -1504981713932161579, guid: 34fb2605798d13849aaf2a4a018d6efb,
        type: 3}
      propertyPath: m_Materials.Array.data[0]
      value: 
      objectReference: {fileID: 2100000, guid: 018a4f2a03508bd43b5cd44c9e9bb24c, type: 2}
    - target: {fileID: -927199367670048503, guid: 34fb2605798d13849aaf2a4a018d6efb,
        type: 3}
      propertyPath: m_Name
      value: _360SphericalMesh_1Unit
      objectReference: {fileID: 0}
    - target: {fileID: -927199367670048503, guid: 34fb2605798d13849aaf2a4a018d6efb,
        type: 3}
      propertyPath: m_IsActive
      value: 0
      objectReference: {fileID: 0}
    m_RemovedComponents: []
  m_SourcePrefab: {fileID: 100100000, guid: 34fb2605798d13849aaf2a4a018d6efb, type: 3}
--- !u!1 &1831497202
GameObject:
  m_ObjectHideFlags: 0
  m_CorrespondingSourceObject: {fileID: 0}
  m_PrefabInstance: {fileID: 0}
  m_PrefabAsset: {fileID: 0}
  serializedVersion: 6
  m_Component:
  - component: {fileID: 1831497203}
  - component: {fileID: 1831497206}
  - component: {fileID: 1831497205}
  - component: {fileID: 1831497204}
  m_Layer: 0
  m_Name: Border
  m_TagString: Untagged
  m_Icon: {fileID: 0}
  m_NavMeshLayer: 0
  m_StaticEditorFlags: 0
  m_IsActive: 1
--- !u!4 &1831497203
Transform:
  m_ObjectHideFlags: 0
  m_CorrespondingSourceObject: {fileID: 0}
  m_PrefabInstance: {fileID: 0}
  m_PrefabAsset: {fileID: 0}
  m_GameObject: {fileID: 1831497202}
  m_LocalRotation: {x: -0, y: 0.70710576, z: -0, w: 0.70710784}
  m_LocalPosition: {x: -7.45, y: 0.39999962, z: 0.177}
  m_LocalScale: {x: 16.522207, y: 1.2286726, z: 1.6774}
  m_Children: []
  m_Father: {fileID: 322929963}
  m_RootOrder: 4
  m_LocalEulerAnglesHint: {x: 0, y: 90.00001, z: 0}
--- !u!65 &1831497204
BoxCollider:
  m_ObjectHideFlags: 0
  m_CorrespondingSourceObject: {fileID: 0}
  m_PrefabInstance: {fileID: 0}
  m_PrefabAsset: {fileID: 0}
  m_GameObject: {fileID: 1831497202}
  m_Material: {fileID: 0}
  m_IsTrigger: 0
  m_Enabled: 1
  serializedVersion: 2
  m_Size: {x: 1, y: 1, z: 1}
  m_Center: {x: 0, y: 0, z: 0}
--- !u!23 &1831497205
MeshRenderer:
  m_ObjectHideFlags: 0
  m_CorrespondingSourceObject: {fileID: 0}
  m_PrefabInstance: {fileID: 0}
  m_PrefabAsset: {fileID: 0}
  m_GameObject: {fileID: 1831497202}
  m_Enabled: 1
  m_CastShadows: 1
  m_ReceiveShadows: 1
  m_DynamicOccludee: 1
  m_MotionVectors: 1
  m_LightProbeUsage: 1
  m_ReflectionProbeUsage: 1
  m_RayTracingMode: 2
  m_RenderingLayerMask: 1
  m_RendererPriority: 0
  m_Materials:
  - {fileID: 10303, guid: 0000000000000000f000000000000000, type: 0}
  m_StaticBatchInfo:
    firstSubMesh: 0
    subMeshCount: 0
  m_StaticBatchRoot: {fileID: 0}
  m_ProbeAnchor: {fileID: 0}
  m_LightProbeVolumeOverride: {fileID: 0}
  m_ScaleInLightmap: 1
  m_ReceiveGI: 1
  m_PreserveUVs: 0
  m_IgnoreNormalsForChartDetection: 0
  m_ImportantGI: 0
  m_StitchLightmapSeams: 1
  m_SelectedEditorRenderState: 3
  m_MinimumChartSize: 4
  m_AutoUVMaxDistance: 0.5
  m_AutoUVMaxAngle: 89
  m_LightmapParameters: {fileID: 0}
  m_SortingLayerID: 0
  m_SortingLayer: 0
  m_SortingOrder: 0
--- !u!33 &1831497206
MeshFilter:
  m_ObjectHideFlags: 0
  m_CorrespondingSourceObject: {fileID: 0}
  m_PrefabInstance: {fileID: 0}
  m_PrefabAsset: {fileID: 0}
  m_GameObject: {fileID: 1831497202}
  m_Mesh: {fileID: 10202, guid: 0000000000000000e000000000000000, type: 0}
--- !u!1 &1878800800
GameObject:
  m_ObjectHideFlags: 0
  m_CorrespondingSourceObject: {fileID: 0}
  m_PrefabInstance: {fileID: 0}
  m_PrefabAsset: {fileID: 0}
  serializedVersion: 6
  m_Component:
  - component: {fileID: 1878800802}
  - component: {fileID: 1878800801}
  m_Layer: 0
  m_Name: GeneratePlant
  m_TagString: Untagged
  m_Icon: {fileID: 0}
  m_NavMeshLayer: 0
  m_StaticEditorFlags: 0
  m_IsActive: 1
--- !u!114 &1878800801
MonoBehaviour:
  m_ObjectHideFlags: 0
  m_CorrespondingSourceObject: {fileID: 0}
  m_PrefabInstance: {fileID: 0}
  m_PrefabAsset: {fileID: 0}
  m_GameObject: {fileID: 1878800800}
  m_Enabled: 1
  m_EditorHideFlags: 0
  m_Script: {fileID: 11500000, guid: 4c5641ea04814444da062ceb50b3985a, type: 3}
  m_Name: 
  m_EditorClassIdentifier: 
  m_prefabsLeaf:
  - {fileID: 63960592628690075, guid: 633f522dedfa6ea4aac5e19e15a43639, type: 3}
  - {fileID: 4708704981979951802, guid: 30185a6a152333e47b4d01ec4658bd76, type: 3}
  - {fileID: 6301526900516291528, guid: cc06467da99b626468049c8058a3f7d8, type: 3}
  m_whereToCreate:
  - {fileID: 4046410155369843276}
  - {fileID: 8869763011153905468}
  - {fileID: 3101865385769259273}
  - {fileID: 1852876985035796671}
  - {fileID: 7562144123597585239}
  - {fileID: 316874718265887639}
  - {fileID: 6617574710168126718}
  - {fileID: 7551222309582044222}
  - {fileID: 1158514524560938844}
  - {fileID: 922837848587772659}
  - {fileID: 8698566557486218312}
  - {fileID: 8973300213397980206}
  - {fileID: 4749024782829403364}
  - {fileID: 7463416998764291578}
  - {fileID: 8285162088382721310}
  - {fileID: 3126570947763327537}
  - {fileID: 3625571440131116624}
  - {fileID: 196908209083421778}
  - {fileID: 5390808479009020966}
  - {fileID: 443752360008831719}
  - {fileID: 8495270414813035164}
  - {fileID: 5569170790206683696}
  - {fileID: 3084960970416481762}
  - {fileID: 5941660013450225504}
  - {fileID: 5074640606078746025}
  - {fileID: 5587231213205399823}
  - {fileID: 866441609019194217}
  - {fileID: 4652665971570538679}
  - {fileID: 7287185878676694110}
  m_prefabsLeafSuffled: []
  m_createAtStart: 1
  m_euleurAdjustement: {x: 0, y: 0, z: 0}
  m_linkToParent: 1
  m_parentToLinkTo: {fileID: 1878800802}
--- !u!4 &1878800802
Transform:
  m_ObjectHideFlags: 0
  m_CorrespondingSourceObject: {fileID: 0}
  m_PrefabInstance: {fileID: 0}
  m_PrefabAsset: {fileID: 0}
  m_GameObject: {fileID: 1878800800}
  m_LocalRotation: {x: 0, y: 0, z: 0, w: 1}
  m_LocalPosition: {x: -34.558594, y: -0.06738281, z: -7.870117}
  m_LocalScale: {x: 1, y: 1, z: 1}
  m_Children: []
  m_Father: {fileID: 0}
  m_RootOrder: 11
  m_LocalEulerAnglesHint: {x: 0, y: 0, z: 0}
--- !u!1 &2036171812
GameObject:
  m_ObjectHideFlags: 0
  m_CorrespondingSourceObject: {fileID: 0}
  m_PrefabInstance: {fileID: 0}
  m_PrefabAsset: {fileID: 0}
  serializedVersion: 6
  m_Component:
  - component: {fileID: 2036171813}
  - component: {fileID: 2036171815}
  - component: {fileID: 2036171814}
  m_Layer: 0
  m_Name: Main Camera
  m_TagString: MainCamera
  m_Icon: {fileID: 0}
  m_NavMeshLayer: 0
  m_StaticEditorFlags: 0
  m_IsActive: 0
--- !u!4 &2036171813
Transform:
  m_ObjectHideFlags: 0
  m_CorrespondingSourceObject: {fileID: 0}
  m_PrefabInstance: {fileID: 0}
  m_PrefabAsset: {fileID: 0}
  m_GameObject: {fileID: 2036171812}
  m_LocalRotation: {x: 0.38771498, y: 0.4062416, z: -0.19592695, w: 0.80390143}
  m_LocalPosition: {x: -4.1, y: 6.23, z: -4.48}
  m_LocalScale: {x: 1, y: 1, z: 1}
  m_Children: []
  m_Father: {fileID: 0}
  m_RootOrder: 9
  m_LocalEulerAnglesHint: {x: 51.495003, y: 53.618004, z: 0}
--- !u!81 &2036171814
AudioListener:
  m_ObjectHideFlags: 0
  m_CorrespondingSourceObject: {fileID: 0}
  m_PrefabInstance: {fileID: 0}
  m_PrefabAsset: {fileID: 0}
  m_GameObject: {fileID: 2036171812}
  m_Enabled: 1
--- !u!20 &2036171815
Camera:
  m_ObjectHideFlags: 0
  m_CorrespondingSourceObject: {fileID: 0}
  m_PrefabInstance: {fileID: 0}
  m_PrefabAsset: {fileID: 0}
  m_GameObject: {fileID: 2036171812}
  m_Enabled: 1
  serializedVersion: 2
  m_ClearFlags: 1
  m_BackGroundColor: {r: 0.19215687, g: 0.3019608, b: 0.4745098, a: 0}
  m_projectionMatrixMode: 1
  m_GateFitMode: 2
  m_FOVAxisMode: 0
  m_SensorSize: {x: 36, y: 24}
  m_LensShift: {x: 0, y: 0}
  m_FocalLength: 50
  m_NormalizedViewPortRect:
    serializedVersion: 2
    x: 0
    y: 0
    width: 0.5
    height: 1
  near clip plane: 0.3
  far clip plane: 1000
  field of view: 60
  orthographic: 0
  orthographic size: 5
  m_Depth: -1
  m_CullingMask:
    serializedVersion: 2
    m_Bits: 4294967295
  m_RenderingPath: -1
  m_TargetTexture: {fileID: 0}
  m_TargetDisplay: 0
  m_TargetEye: 3
  m_HDR: 1
  m_AllowMSAA: 1
  m_AllowDynamicResolution: 0
  m_ForceIntoRT: 0
  m_OcclusionCulling: 1
  m_StereoConvergence: 10
  m_StereoSeparation: 0.022
--- !u!4 &196908209083421778 stripped
Transform:
  m_CorrespondingSourceObject: {fileID: 8559749258786567724, guid: 2886476d95a0614488768bed05ca8886,
    type: 3}
  m_PrefabInstance: {fileID: 8390725489737884286}
  m_PrefabAsset: {fileID: 0}
--- !u!4 &316874718265887639 stripped
Transform:
  m_CorrespondingSourceObject: {fileID: 8076110272163359209, guid: 2886476d95a0614488768bed05ca8886,
    type: 3}
  m_PrefabInstance: {fileID: 8390725489737884286}
  m_PrefabAsset: {fileID: 0}
--- !u!4 &443752360008831719 stripped
Transform:
  m_CorrespondingSourceObject: {fileID: 8239720398434152601, guid: 2886476d95a0614488768bed05ca8886,
    type: 3}
  m_PrefabInstance: {fileID: 8390725489737884286}
  m_PrefabAsset: {fileID: 0}
--- !u!4 &866441609019194217 stripped
Transform:
  m_CorrespondingSourceObject: {fileID: 8680653569756535063, guid: 2886476d95a0614488768bed05ca8886,
    type: 3}
  m_PrefabInstance: {fileID: 8390725489737884286}
  m_PrefabAsset: {fileID: 0}
--- !u!4 &922837848587772659 stripped
Transform:
  m_CorrespondingSourceObject: {fileID: 8700756852427210893, guid: 2886476d95a0614488768bed05ca8886,
    type: 3}
  m_PrefabInstance: {fileID: 8390725489737884286}
  m_PrefabAsset: {fileID: 0}
--- !u!4 &1158514524560938844 stripped
Transform:
  m_CorrespondingSourceObject: {fileID: 7233351313356076322, guid: 2886476d95a0614488768bed05ca8886,
    type: 3}
  m_PrefabInstance: {fileID: 8390725489737884286}
  m_PrefabAsset: {fileID: 0}
--- !u!4 &1852876985035796671 stripped
Transform:
  m_CorrespondingSourceObject: {fileID: 7910403066185798337, guid: 2886476d95a0614488768bed05ca8886,
    type: 3}
  m_PrefabInstance: {fileID: 8390725489737884286}
  m_PrefabAsset: {fileID: 0}
--- !u!4 &3084960970416481762 stripped
Transform:
  m_CorrespondingSourceObject: {fileID: 6826933427514247068, guid: 2886476d95a0614488768bed05ca8886,
    type: 3}
  m_PrefabInstance: {fileID: 8390725489737884286}
  m_PrefabAsset: {fileID: 0}
--- !u!4 &3101865385769259273 stripped
Transform:
  m_CorrespondingSourceObject: {fileID: 6880886987482411895, guid: 2886476d95a0614488768bed05ca8886,
    type: 3}
  m_PrefabInstance: {fileID: 8390725489737884286}
  m_PrefabAsset: {fileID: 0}
--- !u!4 &3126570947763327537 stripped
Transform:
  m_CorrespondingSourceObject: {fileID: 6850564192380465231, guid: 2886476d95a0614488768bed05ca8886,
    type: 3}
  m_PrefabInstance: {fileID: 8390725489737884286}
  m_PrefabAsset: {fileID: 0}
--- !u!4 &3625571440131116624 stripped
Transform:
  m_CorrespondingSourceObject: {fileID: 5053397654268374062, guid: 2886476d95a0614488768bed05ca8886,
    type: 3}
  m_PrefabInstance: {fileID: 8390725489737884286}
  m_PrefabAsset: {fileID: 0}
--- !u!4 &4046410155369843276 stripped
Transform:
  m_CorrespondingSourceObject: {fileID: 196908210213866921, guid: 2886476d95a0614488768bed05ca8886,
    type: 3}
  m_PrefabInstance: {fileID: 8390725489737884286}
  m_PrefabAsset: {fileID: 0}
--- !u!4 &4652665971570538679 stripped
Transform:
  m_CorrespondingSourceObject: {fileID: 3810132612742519497, guid: 2886476d95a0614488768bed05ca8886,
    type: 3}
  m_PrefabInstance: {fileID: 8390725489737884286}
  m_PrefabAsset: {fileID: 0}
--- !u!4 &4749024782829403364 stripped
Transform:
  m_CorrespondingSourceObject: {fileID: 3861331457389026970, guid: 2886476d95a0614488768bed05ca8886,
    type: 3}
  m_PrefabInstance: {fileID: 8390725489737884286}
  m_PrefabAsset: {fileID: 0}
--- !u!4 &5074640606078746025 stripped
Transform:
  m_CorrespondingSourceObject: {fileID: 3611155583643475927, guid: 2886476d95a0614488768bed05ca8886,
    type: 3}
  m_PrefabInstance: {fileID: 8390725489737884286}
  m_PrefabAsset: {fileID: 0}
--- !u!4 &5390808479009020966 stripped
Transform:
  m_CorrespondingSourceObject: {fileID: 4521094916886724184, guid: 2886476d95a0614488768bed05ca8886,
    type: 3}
  m_PrefabInstance: {fileID: 8390725489737884286}
  m_PrefabAsset: {fileID: 0}
--- !u!4 &5569170790206683696 stripped
Transform:
  m_CorrespondingSourceObject: {fileID: 4123172125167343694, guid: 2886476d95a0614488768bed05ca8886,
    type: 3}
  m_PrefabInstance: {fileID: 8390725489737884286}
  m_PrefabAsset: {fileID: 0}
--- !u!4 &5587231213205399823 stripped
Transform:
  m_CorrespondingSourceObject: {fileID: 4177103291142982513, guid: 2886476d95a0614488768bed05ca8886,
    type: 3}
  m_PrefabInstance: {fileID: 8390725489737884286}
  m_PrefabAsset: {fileID: 0}
--- !u!4 &5941660013450225504 stripped
Transform:
  m_CorrespondingSourceObject: {fileID: 2739556560026174750, guid: 2886476d95a0614488768bed05ca8886,
    type: 3}
  m_PrefabInstance: {fileID: 8390725489737884286}
  m_PrefabAsset: {fileID: 0}
--- !u!4 &6617574710168126718 stripped
Transform:
  m_CorrespondingSourceObject: {fileID: 3433855366957000320, guid: 2886476d95a0614488768bed05ca8886,
    type: 3}
  m_PrefabInstance: {fileID: 8390725489737884286}
  m_PrefabAsset: {fileID: 0}
--- !u!4 &7287185878676694110 stripped
Transform:
  m_CorrespondingSourceObject: {fileID: 1247656057570854432, guid: 2886476d95a0614488768bed05ca8886,
    type: 3}
  m_PrefabInstance: {fileID: 8390725489737884286}
  m_PrefabAsset: {fileID: 0}
--- !u!4 &7463416998764291578 stripped
Transform:
  m_CorrespondingSourceObject: {fileID: 1432912517810702212, guid: 2886476d95a0614488768bed05ca8886,
    type: 3}
  m_PrefabInstance: {fileID: 8390725489737884286}
  m_PrefabAsset: {fileID: 0}
--- !u!4 &7551222309582044222 stripped
Transform:
  m_CorrespondingSourceObject: {fileID: 2070121798493544000, guid: 2886476d95a0614488768bed05ca8886,
    type: 3}
  m_PrefabInstance: {fileID: 8390725489737884286}
  m_PrefabAsset: {fileID: 0}
--- !u!4 &7562144123597585239 stripped
Transform:
  m_CorrespondingSourceObject: {fileID: 2054761161558268201, guid: 2886476d95a0614488768bed05ca8886,
    type: 3}
  m_PrefabInstance: {fileID: 8390725489737884286}
  m_PrefabAsset: {fileID: 0}
--- !u!1001 &7778527927014820105
PrefabInstance:
  m_ObjectHideFlags: 0
  serializedVersion: 2
  m_Modification:
    m_TransformParent: {fileID: 0}
    m_Modifications:
    - target: {fileID: 7778527926178516520, guid: 210a5e2a463d49e46ba67ea7dadd8617,
        type: 3}
      propertyPath: m_Name
      value: WaterDrop_V1_Inteface
      objectReference: {fileID: 0}
    - target: {fileID: 7778527926178516523, guid: 210a5e2a463d49e46ba67ea7dadd8617,
        type: 3}
      propertyPath: m_LocalPosition.x
      value: 1.16
      objectReference: {fileID: 0}
    - target: {fileID: 7778527926178516523, guid: 210a5e2a463d49e46ba67ea7dadd8617,
        type: 3}
      propertyPath: m_LocalPosition.y
      value: 0.51
      objectReference: {fileID: 0}
    - target: {fileID: 7778527926178516523, guid: 210a5e2a463d49e46ba67ea7dadd8617,
        type: 3}
      propertyPath: m_LocalPosition.z
      value: -2.45
      objectReference: {fileID: 0}
    - target: {fileID: 7778527926178516523, guid: 210a5e2a463d49e46ba67ea7dadd8617,
        type: 3}
      propertyPath: m_LocalRotation.x
      value: -0
      objectReference: {fileID: 0}
    - target: {fileID: 7778527926178516523, guid: 210a5e2a463d49e46ba67ea7dadd8617,
        type: 3}
      propertyPath: m_LocalRotation.y
      value: -0
      objectReference: {fileID: 0}
    - target: {fileID: 7778527926178516523, guid: 210a5e2a463d49e46ba67ea7dadd8617,
        type: 3}
      propertyPath: m_LocalRotation.z
      value: -0
      objectReference: {fileID: 0}
    - target: {fileID: 7778527926178516523, guid: 210a5e2a463d49e46ba67ea7dadd8617,
        type: 3}
      propertyPath: m_LocalRotation.w
      value: 1
      objectReference: {fileID: 0}
    - target: {fileID: 7778527926178516523, guid: 210a5e2a463d49e46ba67ea7dadd8617,
        type: 3}
      propertyPath: m_RootOrder
      value: 1
      objectReference: {fileID: 0}
    - target: {fileID: 7778527926178516523, guid: 210a5e2a463d49e46ba67ea7dadd8617,
        type: 3}
      propertyPath: m_LocalEulerAnglesHint.x
      value: 0
      objectReference: {fileID: 0}
    - target: {fileID: 7778527926178516523, guid: 210a5e2a463d49e46ba67ea7dadd8617,
        type: 3}
      propertyPath: m_LocalEulerAnglesHint.y
      value: 0
      objectReference: {fileID: 0}
    - target: {fileID: 7778527926178516523, guid: 210a5e2a463d49e46ba67ea7dadd8617,
        type: 3}
      propertyPath: m_LocalEulerAnglesHint.z
      value: 0
      objectReference: {fileID: 0}
    m_RemovedComponents: []
  m_SourcePrefab: {fileID: 100100000, guid: 210a5e2a463d49e46ba67ea7dadd8617, type: 3}
--- !u!1001 &7804983259503271638
PrefabInstance:
  m_ObjectHideFlags: 0
  serializedVersion: 2
  m_Modification:
    m_TransformParent: {fileID: 0}
    m_Modifications:
    - target: {fileID: 7804983260158077450, guid: 1102a00af6ca48a49a96754626c6546e,
        type: 3}
      propertyPath: m_Name
      value: WaterDropPrefab V2
      objectReference: {fileID: 0}
    - target: {fileID: 7804983260158077451, guid: 1102a00af6ca48a49a96754626c6546e,
        type: 3}
      propertyPath: m_LocalPosition.x
      value: 0
      objectReference: {fileID: 0}
    - target: {fileID: 7804983260158077451, guid: 1102a00af6ca48a49a96754626c6546e,
        type: 3}
      propertyPath: m_LocalPosition.y
      value: 7.29
      objectReference: {fileID: 0}
    - target: {fileID: 7804983260158077451, guid: 1102a00af6ca48a49a96754626c6546e,
        type: 3}
      propertyPath: m_LocalPosition.z
      value: -0.44275346
      objectReference: {fileID: 0}
    - target: {fileID: 7804983260158077451, guid: 1102a00af6ca48a49a96754626c6546e,
        type: 3}
      propertyPath: m_LocalRotation.x
      value: 0
      objectReference: {fileID: 0}
    - target: {fileID: 7804983260158077451, guid: 1102a00af6ca48a49a96754626c6546e,
        type: 3}
      propertyPath: m_LocalRotation.y
      value: 0
      objectReference: {fileID: 0}
    - target: {fileID: 7804983260158077451, guid: 1102a00af6ca48a49a96754626c6546e,
        type: 3}
      propertyPath: m_LocalRotation.z
      value: 0
      objectReference: {fileID: 0}
    - target: {fileID: 7804983260158077451, guid: 1102a00af6ca48a49a96754626c6546e,
        type: 3}
      propertyPath: m_LocalRotation.w
      value: 1
      objectReference: {fileID: 0}
    - target: {fileID: 7804983260158077451, guid: 1102a00af6ca48a49a96754626c6546e,
        type: 3}
      propertyPath: m_RootOrder
      value: 13
      objectReference: {fileID: 0}
    - target: {fileID: 7804983260158077451, guid: 1102a00af6ca48a49a96754626c6546e,
        type: 3}
      propertyPath: m_LocalEulerAnglesHint.x
      value: 0
      objectReference: {fileID: 0}
    - target: {fileID: 7804983260158077451, guid: 1102a00af6ca48a49a96754626c6546e,
        type: 3}
      propertyPath: m_LocalEulerAnglesHint.y
      value: 0
      objectReference: {fileID: 0}
    - target: {fileID: 7804983260158077451, guid: 1102a00af6ca48a49a96754626c6546e,
        type: 3}
      propertyPath: m_LocalEulerAnglesHint.z
      value: 0
      objectReference: {fileID: 0}
    m_RemovedComponents: []
  m_SourcePrefab: {fileID: 100100000, guid: 1102a00af6ca48a49a96754626c6546e, type: 3}
--- !u!4 &8285162088382721310 stripped
Transform:
  m_CorrespondingSourceObject: {fileID: 471496311488745312, guid: 2886476d95a0614488768bed05ca8886,
    type: 3}
  m_PrefabInstance: {fileID: 8390725489737884286}
  m_PrefabAsset: {fileID: 0}
--- !u!1001 &8390725489737884286
PrefabInstance:
  m_ObjectHideFlags: 0
  serializedVersion: 2
  m_Modification:
    m_TransformParent: {fileID: 0}
    m_Modifications:
    - target: {fileID: 2987802962392852716, guid: 2886476d95a0614488768bed05ca8886,
        type: 3}
      propertyPath: m_Name
      value: Old_anchor
      objectReference: {fileID: 0}
    - target: {fileID: 6230523011337163433, guid: 2886476d95a0614488768bed05ca8886,
        type: 3}
      propertyPath: m_LocalPosition.x
      value: 0.71
      objectReference: {fileID: 0}
    - target: {fileID: 6230523011337163433, guid: 2886476d95a0614488768bed05ca8886,
        type: 3}
      propertyPath: m_LocalPosition.y
      value: 169.95001
      objectReference: {fileID: 0}
    - target: {fileID: 6230523011337163433, guid: 2886476d95a0614488768bed05ca8886,
        type: 3}
      propertyPath: m_LocalPosition.z
      value: -12.87
      objectReference: {fileID: 0}
    - target: {fileID: 6230523011337163433, guid: 2886476d95a0614488768bed05ca8886,
        type: 3}
      propertyPath: m_LocalRotation.x
      value: -4.975347e-10
      objectReference: {fileID: 0}
    - target: {fileID: 6230523011337163433, guid: 2886476d95a0614488768bed05ca8886,
        type: 3}
      propertyPath: m_LocalRotation.y
      value: -0.97352606
      objectReference: {fileID: 0}
    - target: {fileID: 6230523011337163433, guid: 2886476d95a0614488768bed05ca8886,
        type: 3}
      propertyPath: m_LocalRotation.z
      value: 0.0000000022800752
      objectReference: {fileID: 0}
    - target: {fileID: 6230523011337163433, guid: 2886476d95a0614488768bed05ca8886,
        type: 3}
      propertyPath: m_LocalRotation.w
      value: -0.22857618
      objectReference: {fileID: 0}
    - target: {fileID: 6230523011337163433, guid: 2886476d95a0614488768bed05ca8886,
        type: 3}
      propertyPath: m_RootOrder
      value: 12
      objectReference: {fileID: 0}
    - target: {fileID: 6230523011337163433, guid: 2886476d95a0614488768bed05ca8886,
        type: 3}
      propertyPath: m_LocalEulerAnglesHint.x
      value: 0
      objectReference: {fileID: 0}
    - target: {fileID: 6230523011337163433, guid: 2886476d95a0614488768bed05ca8886,
        type: 3}
      propertyPath: m_LocalEulerAnglesHint.y
      value: 0
      objectReference: {fileID: 0}
    - target: {fileID: 6230523011337163433, guid: 2886476d95a0614488768bed05ca8886,
        type: 3}
      propertyPath: m_LocalEulerAnglesHint.z
      value: 0
      objectReference: {fileID: 0}
    m_RemovedComponents: []
  m_SourcePrefab: {fileID: 100100000, guid: 2886476d95a0614488768bed05ca8886, type: 3}
--- !u!4 &8495270414813035164 stripped
Transform:
  m_CorrespondingSourceObject: {fileID: 113886378486700258, guid: 2886476d95a0614488768bed05ca8886,
    type: 3}
  m_PrefabInstance: {fileID: 8390725489737884286}
  m_PrefabAsset: {fileID: 0}
--- !u!4 &8698566557486218312 stripped
Transform:
  m_CorrespondingSourceObject: {fileID: 920524681330204214, guid: 2886476d95a0614488768bed05ca8886,
    type: 3}
  m_PrefabInstance: {fileID: 8390725489737884286}
  m_PrefabAsset: {fileID: 0}
--- !u!4 &8869763011153905468 stripped
Transform:
  m_CorrespondingSourceObject: {fileID: 1109682207206548802, guid: 2886476d95a0614488768bed05ca8886,
    type: 3}
  m_PrefabInstance: {fileID: 8390725489737884286}
  m_PrefabAsset: {fileID: 0}
--- !u!4 &8973300213397980206 stripped
Transform:
  m_CorrespondingSourceObject: {fileID: 645784273728726608, guid: 2886476d95a0614488768bed05ca8886,
    type: 3}
  m_PrefabInstance: {fileID: 8390725489737884286}
  m_PrefabAsset: {fileID: 0}
